@book{
KlenkeWTheorie,
title = {Wahrscheinlichkeitstheorie},
author = {Klenke, Achim},
publisher = {Springer},
edition = {3. edition},
year = {2013},
}
}
%KlenkeWTheorie,
%title = {Wahrscheinlichkeitstheorie},
%author = {Achim,Klenke.},
%publisher = {Springer,3},
%year = {2013}


@book{
SQLite,
title = {Learning SQLite for iOS : extend SQLite with mobile development skills to build great apps for iOS devices},
series = {Community experience distilled.},
author = {Da Rocha, Gene},
year = {2016},
publisher = {Packt Publishing},
}
%address = {Birmingham},
pages = {154},
note = {Includes index.},
url = {https://eu04.alma.exlibrisgroup.com/view/uresolver/49HBZ_BIE/openurl?u.ignore_date_coverage=true&portfolio_pid=53320399880006442&Force_direct=true},
}


@book{
DeGruyterStochastik,
title = {Stochastik : Einführung in die Wahrscheinlichkeitstheorie und Statistik},
series = {de Gruyter Lehrbuch},
author = {Georgii, Hans-Otto 1944-2017},
publisher = {Walter de Gruyter},
year = {2009},
}
address = {Berlin New York},
edition = {4., überarbeitete und erweiterte Auflage},
url = {https://www.reference-global.com/doi/book/10.1515/9783110215274},
url = {https://www.degruyter.com/view/title/34360?tab_body=toc},
url = {https://doi.org/10.1515/9783110215274},
url = {https://eu04.alma.exlibrisgroup.com/view/uresolver/49HBZ_BIE/openurl?u.ignore_date_coverage=true&portfolio_pid=53310500890006442&Force_direct=true},
}